<?xml version="1.0" encoding="UTF-8"?><collection xmlns="http://www.loc.gov/MARC21/slim"><record><leader>00455nam--2200121-i-4500</leader><controlfield tag="001">000010146</controlfield><controlfield tag="002">20161230</controlfield><controlfield tag="005">20161230201028</controlfield><controlfield tag="008">060222s1000------------r-----000-0-eng-d</controlfield><datafield ind1=" " ind2=" " tag="245"><subfield code="a">Laminarea si trefilarea otelurilor inoxidabile si refractare sub forma de profile si sirme sinteza documentara d2-27. revizie tehnica: i. frantiu</subfield></datafield><datafield ind1=" " ind2=" " tag="260"><subfield code="a">Bucuresti, Centrul De Documentare Si Publ. Tehnce Al Industriei Metalurgice, 1972</subfield></datafield><datafield ind1=" " ind2=" " tag="490"><subfield code="a">128p</subfield></datafield><datafield ind1=" " ind2=" " tag="700"><subfield code="a">Cuida, O</subfield></datafield></record></collection>